@book{syll,
	author = "O. Bonaventure \and G. Detal \and C. Paasch",
	title = "SINF1252 : Syst√®mes informatiques",
	year = "2014"
}

@inbook{algo,
	author = {Thomas H. Cormen \and Charles E. Leiserson \and Ronald L. Rivest \and Clifford Stein},
	title = {Algorithmique},
	editor = {Dunod},
	edition = {3th},
	pages = {897-901},
	year = {2010}
	
}